@article{wombat2016,
	author   = {Walther Wombat and Klaus Koala},
	title    = {The true meaning of 42},
	journal  = {Journal of modern skepticism},
	date     = {2016},
	keywords = {trusted},
}
@book{lion2010,
	author       = {Laura Lion and  Gabrielle Giraffe and Carl Capybara},
	title        = {The dangers of asking the wrong question},
	publisher    = {publishing house},
	date         = {2010},
	keywords     = {trusted},
}
@online{wikibook,
	title        = {Generating Bibliographies with biblatex and biber},
	organization = {Wikibooks},
	date         = {2016},
	urldate      = {2016-03-07},
	url          = {https://en.wikibooks.org/wiki/LaTeX/Generating_Bibliographies_with_biblatex_and_biber},
	keywords     = {untrusted},
}
@online{myRIO-Shared,
	title        = {Using the LabVIEW Shared Variable},
	organization = {National Instruments},
	date         = {2017-11-27},
	urldate      = {2017-11-01},
	url          = {http://www.ni.com/white-paper/4679/en/},
	keywords     = {myRIO,LabView},
}
@online{labVIEW-polar-plot,
	title        = {Polar Plot with Point Options VI},
	organization = {National Instruments},
	date         = {2017-03-01},
	urldate      = {2017-11-01},
	url          = {http://zone.ni.com/reference/en-XX/help/371361P-01/lvpict/polar_plot_with_point_options/},
	keywords     = {myRIO,LabView},
}
@online{labVIEW-Plot-Waveform-VI,
	title        = {Plot Waveform VI},
	organization = {National Instruments},
	date         = {2017-03-01},
	urldate      = {2017-11-01},
	url          = {http://zone.ni.com/reference/en-XX/help/371361P-01/lvpict/plot_waveform/},
	keywords     = {myRIO,LabView},
}